@article{saragih2011deformable,
  title={Deformable model fitting by regularized landmark mean-shift},
  author={Saragih, Jason M and Lucey, Simon and Cohn, Jeffrey F},
  journal={International Journal of Computer Vision},
  volume={91},
  number={2},
  pages={200--215},
  year={2011},
  publisher={Springer}
}

@article{schmidt2002human,
  title={Human facial expressions as adaptations: Evolutionary questions in facial expression research},
  author={Schmidt, Karen L and Cohn, Jeffrey F},
  journal={American journal of physical anthropology},
  volume={116},
  number={S33},
  pages={3--24},
  year={2002},
  publisher={Wiley Online Library}
}

@inproceedings{cristinacce2006feature,
  title={Feature detection and tracking with constrained local models},
  author={Cristinacce, David and Cootes, Tim},
  booktitle={Proc. British Machine Vision Conference},
  volume={3},
  pages={929--938},
  year={2006}
}